@inproceedings{hirschmuller2005accurate,
  title={Accurate and efficient stereo processing by semi-global matching and mutual information},
  author={Hirschmuller, Heiko},
  booktitle={Computer Vision and Pattern Recognition, 2005. CVPR 2005. IEEE Computer Society Conference on},
  volume={2},
  pages={807--814},
  year={2005},
  organization={IEEE}
  
@article{hirschmuller2008stereo,
  title={Stereo processing by semiglobal matching and mutual information},
  author={Hirschmuller, Heiko},
  journal={Pattern Analysis and Machine Intelligence, IEEE Transactions on},
  volume={30},
  number={2},
  pages={328--341},
  year={2008},
  publisher={IEEE}
}

@misc{OpenCV2015,
author = {OpenCV},
title = {Camera Calibration and 3D Reconstruction},
howpublished={\url{http://docs.opencv.org/modules/calib3d/doc/camera_calibration_and_3d_reconstruction.html}}
}

@misc{ROSFRAMEWORK,
author = {ROS},
title = {Robot Operating System},
howpublished = {\url{http://www.ros.org}}
}